@book{rindler1977essential,
  author    = {Rindler, Wolfgang},
  title     = {Essential Relativity: Special, General, and Cosmological},
  edition   = {2nd},
  publisher = {Springer},
  year      = {1977},
  note      = {[Relativity textbook]}
}

@book{misner1973,
  author    = {Misner, C. W. and Thorne, K. S. and Wheeler, J. A.},
  title     = {Gravitation},
  publisher = {W. H. Freeman},
  year      = {1973},
  note      = {[General relativity and spacetime]}
}

@book{griffiths2005introduction,
  author    = {Griffiths, D. J.},
  title     = {Introduction to Quantum Mechanics},
  edition   = {2nd},
  publisher = {Pearson Prentice Hall},
  year      = {2005},
  note      = {[Standard quantum mechanics textbook]}
}

@article{minkowski1908space,
  author  = {Minkowski, H.},
  title   = {Raum und Zeit},
  journal = {Jahresberichte der Deutschen Mathematiker-Vereinigung},
  volume  = {18},
  pages   = {75--88},
  year    = {1908},
  note    = {[Foundational work on Minkowski spacetime]}
}

@article{einstein1905,
  author  = {Einstein, A.},
  title   = {Zur Elektrodynamik bewegter K\"orper},
  journal = {Annalen der Physik},
  volume  = {17},
  number  = {10},
  pages   = {891--921},
  year    = {1905},
  note    = {[Special Relativity, original German version]}
}

@article{wigner1932,
  author  = {Wigner, E. P.},
  title   = {On the Quantum Correction for Thermodynamic Equilibrium},
  journal = {Phys. Rev.},
  volume  = {40},
  number  = {1},
  pages   = {749--759},
  year    = {1932}
}

@book{vonneumann1932,
  author    = {von Neumann, J.},
  title     = {Mathematical Foundations of Quantum Mechanics},
  publisher = {Princeton University Press},
  year      = {1932},
  note      = {[Density Matrices]}
}

@article{husimi1940some,
  author  = {Husimi, K{\^o}di},
  title   = {Some Formal Properties of the Density Matrix},
  journal = {Proceedings of the Physico-Mathematical Society of Japan. 3rd Series},
  volume  = {22},
  pages   = {264--314},
  year    = {1940}
}

@book{schleich2001quantum,
  title     = {Quantum Optics in Phase Space},
  author    = {Schleich, Wolfgang P.},
  year      = {2001},
  publisher = {Wiley-VCH},
  address   = {Berlin},
  isbn      = {978-3527294351}
}

@article{dirac1928,
  author  = {Dirac, P. A. M.},
  title   = {The Quantum Theory of the Electron},
  journal = {Proceedings of the Royal Society of London A},
  volume  = {117},
  number  = {778},
  pages   = {610--624},
  year    = {1928},
  note    = {[Dirac equation paper]}
}

@article{everett1957,
  author = {Everett, Hugh},
  title  = {``Relative State'' Formulation of Quantum Mechanics},
  journal= {Reviews of Modern Physics},
  volume = {29},
  number = {3},
  pages  = {454--462},
  year   = {1957}
}

@incollection{dewitt1971,
  author    = {DeWitt, Bryce S.},
  title     = {The Many-Universes Interpretation of Quantum Mechanics},
  booktitle = {Fundamentals of Quantum Mechanics},
  editor    = {Wightman, A. S.},
  publisher = {Academic Press},
  year      = {1971},
  pages     = {??--??}
}

@book{hawking1988,
  author    = {Hawking, S. W.},
  title     = {A Brief History of Time: From the Big Bang to Black Holes},
  publisher = {Bantam Books},
  year      = {1988},
  note      = {[Conceptual foundation of time and space]}
}

@book{penrose2004,
  author    = {Penrose, R.},
  title     = {The Road to Reality: A Complete Guide to the Laws of the Universe},
  publisher = {Jonathan Cape},
  year      = {2004},
  note      = {[Geometric and conceptual frameworks]}
}

@book{feynmanlectures,
  author    = {Feynman, R. P. and Leighton, R. B. and Sands, M.},
  title     = {The Feynman Lectures on Physics, Vol. 3: Quantum Mechanics},
  publisher = {Addison-Wesley},
  year      = {1965},
  note      = {[Foundational lectures on quantum mechanics]}
}

@book{zachos2005quantum,
  title     = {Quantum Mechanics in Phase Space: An Overview with Selected Papers},
  author    = {Zachos, Cosmas K. and Fairlie, David B. and Curtright, Thomas L.},
  publisher = {World Scientific},
  address   = {Singapore},
  year      = {2005},
  isbn      = {978-9812383846},
  note      = {[Overview of Wigner functions and phase space formalism]}
}

@book{susskind2008,
  author    = {Susskind, Leonard},
  title     = {The Black Hole War: My Battle with Stephen Hawking to Make the World Safe for Quantum Mechanics},
  publisher = {Little, Brown and Company},
  year      = {2008},
  note      = {[Popular science book on black holes and quantum mechanics]}
}

@article{glauber1963,
  author  = {Glauber, R. J.},
  title   = {Quantum Theory of Optical Coherence},
  journal = {Physical Review},
  volume  = {131},
  number  = {6},
  pages   = {2766--2788},
  year    = {1963},
  note    = {[Foundation of quantum optics and coherence theory]}
}

@book{nielsenchuang2000,
  author    = {Nielsen, Michael A. and Chuang, Isaac L.},
  title     = {Quantum Computation and Quantum Information},
  publisher = {Cambridge University Press},
  year      = {2000},
  isbn      = {978-0521635035},
  note      = {[Standard reference on quantum computation and information theory]}
}

@article{sakharov1967,
  author  = {Sakharov, Andrei D.},
  title   = {Violation of CP Invariance, C Asymmetry, and Baryon Asymmetry of the Universe},
  journal = {Soviet Physics Uspekhi},
  year    = {1967},
  volume  = {5},
  pages   = {32--35}
}

@article{Bell1964,
  author  = {Bell, J. S.},
  title   = {On the Einstein Podolsky Rosen Paradox},
  journal = {Physics Physique Fizika},
  year    = {1964},
  volume  = {1},
  number  = {3},
  pages   = {195--200},
  note    = {[English Translation]}
}

@article{guth1981,
  author  = {Guth, Alan H.},
  title   = {Inflationary Universe: A Possible Solution to the Horizon and Flatness Problems},
  journal = {Physical Review D},
  year    = {1981},
  volume  = {23},
  pages   = {347--356}
}

@article{linde1983,
  author  = {Linde, Andrei},
  title   = {Chaotic Inflation},
  journal = {Physics Letters B},
  year    = {1983},
  volume  = {129},
  pages   = {177--181}
}

@book{kolbTurner1990,
  author    = {Kolb, Edward W. and Turner, Michael S.},
  title     = {The Early Universe},
  publisher = {Addison-Wesley},
  year      = {1990},
  note      = {[A reference on cosmology and the early universe]}
}

@book{carroll2010,
  author    = {Carroll, Sean},
  title     = {From Eternity to Here: The Quest for the Ultimate Theory of Time},
  publisher = {Dutton},
  year      = {2010},
  note      = {[Discusses the arrow of time in physics]}
}

@article{zurek1982,
  author  = {Zurek, Wojciech H.},
  title   = {Environment-induced superselection rules},
  journal = {Physical Review D},
  year    = {1982},
  volume  = {26},
  pages   = {1862--1880}
}

@book{griffiths2005,
  author = {David J. Griffiths},
  title  = {Introduction to Quantum Mechanics},
  publisher = {Pearson},
  year = {2005},
  note = {Textbook on quantum mechanics}
}

@article{penrose1979,
  author  = {Roger Penrose},
  title   = {Singularities and Time-Asymmetry},
  journal = {General Relativity: An Einstein Centenary Survey},
  year    = {1979},
  pages   = {581--638},
  note    = {Discussion of entropy and the arrow of time}
}
